02RETORNO00COBRANCA       000000000000000000000 IEPTB-MG                    237BRADESCO       0000000000000000000                                                                                                                                                                                                                                                                          231014         000001
0000000000000000000000000000000000000                         000000000000000000000000000000000000000000000000000000          00000000000000000000000000000000000000000000000  000000000000000000000000000000000000000000000000000000000000000000000000000000000000000000000000000000000000000000000   000000             00000000000000                                                                  000002
0000000000000000000000000000000000000                         0000000000000000000P0000000000000000000000000000000000          0000000000000000000P000000000000000000000000000  000000000000000000000000000000000000000000000000000000000000000000000000000000000000000000000000000000000000000000000   000000             00000000000000                                                                  000003
0000000000000000000000000000000000000                         000000000000000000000000000000000000000000000000000000          00000000000000000000000000000000000000000000000  000000000000000000000000000000000000000000000000000000000000000000000000000000000000000000000000000000000000000000000   000000             00000000000000                                                                  000004
9000000          000000000000000000000000000000          00000000000000000000000000000000000000000000000000000000000000000000000000000000000000000000000000000000000000000000000000000000000                                                                                                                                                                              00000000000000000000000         000005
